<record><leader>00000cas a22000007a 4500</leader><controlfield tag="001">31094177</controlfield><controlfield tag="008">940913c196u9999ctusr ne      0    0eng d</controlfield><datafield ind1=" " ind2=" " tag="010"><subfield code="a">sn 94053249 </subfield></datafield><datafield ind1=" " ind2=" " tag="040"><subfield code="a">CNW</subfield><subfield code="b">eng</subfield><subfield code="c">CNW</subfield><subfield code="d">OCLCQ</subfield><subfield code="d">OCLCF</subfield><subfield code="d">OCLCO</subfield></datafield><datafield ind1="1" ind2=" " tag="029"><subfield code="a">AU@</subfield><subfield code="b">000011276678</subfield></datafield><datafield ind1=" " ind2=" " tag="042"><subfield code="a">msc</subfield></datafield><datafield ind1=" " ind2=" " tag="043"><subfield code="a">n-us-ct</subfield></datafield><datafield ind1="0" ind2=" " tag="130"><subfield code="a">Our town (Orange, Conn.)</subfield></datafield><datafield ind1="1" ind2="0" tag="245"><subfield code="a">Our town.</subfield></datafield><datafield ind1=" " ind2=" " tag="260"><subfield code="a">Orange, Conn. :</subfield><subfield code="b">Orange Businessmen's Assn.</subfield></datafield><datafield ind1=" " ind2=" " tag="300"><subfield code="a">v.</subfield></datafield><datafield ind1=" " ind2=" " tag="310"><subfield code="a">Semimonthly, &lt;Sept. 28,</subfield><subfield code="b">1971&gt;-</subfield></datafield><datafield ind1=" " ind2=" " tag="321"><subfield code="a">Irregular,</subfield><subfield code="b">Jan. 1963</subfield></datafield><datafield ind1=" " ind2=" " tag="321"><subfield code="a">Monthly,</subfield><subfield code="b">Apr. 1963-&lt;July 27, 1971&gt;</subfield></datafield><datafield ind1=" " ind2=" " tag="500"><subfield code="a">Issues for 1963- published [i.e. printed] by Milford Cititen.</subfield></datafield><datafield ind1=" " ind2=" " tag="588"><subfield code="a">Description based on: Vol. 2, no. 2 (Jan. 23, 1963).</subfield></datafield><datafield ind1=" " ind2="0" tag="651"><subfield code="a">Orange (Conn.)</subfield><subfield code="v">Newspapers.</subfield></datafield><datafield ind1=" " ind2="7" tag="655"><subfield code="a">Newspapers.</subfield><subfield code="2">fast</subfield><subfield code="0">(OCoLC)fst01423814</subfield></datafield><datafield ind1=" " ind2="7" tag="651"><subfield code="a">Connecticut</subfield><subfield code="z">Orange.</subfield><subfield code="2">fast</subfield><subfield code="0">(OCoLC)fst01218272</subfield></datafield><datafield ind1=" " ind2=" " tag="752"><subfield code="a">United States</subfield><subfield code="b">Connecticut</subfield><subfield code="c">New Haven</subfield><subfield code="d">Orange.</subfield></datafield></record>